@misc{freesound,
  title = {{freesound}},
  year = {2024},
  howpublished = "\url{https://freesound.org/}",
  note = {[Accessed 16-05-2024]}
}

@misc{pixabay,
  title = {{pixabay}},
  year = {2024},
  howpublished = "\url{https://pixabay.com/}",
  note = {[Accessed 16-05-2024]}
}

@misc{tytel2018Helm,
  author = {Matthew Tytel},
  title = {{Helm}},
  year = {2018},
  howpublished = "\url{https://tytel.org/helm/}",
  note = {[Accessed 16-05-2024]}
}

